@article{BSB2023seasonStats,
  title={An introduction to mathematical statistics},
  author={Larsen, Richard J and Marx, Morris L},
  year={2005},
  publisher={Prentice Hall Hoboken, NJ}
}

@article{Platedicipline,
  title={SaberMetric Series, Part 3: Plate Discipline},
  author={Dokken, N.},
  year={2019},
  publisher={FantraxHQ},
  URL={https://www.fantraxhq.com/sabermetric-series-part-3-plate-discipline/#:~:text=O-Contact%25%20is%20the%20amount%20of%20contact%20a%20batter,of%20this%20series%2C%20is%20the%20opposite%20of%20good.}
}